@mastersthesis{Kristiansen2015,
	author = {Lars Bj{\o}rlykke Kristiansen},
	school = {University of Oslo},
	title = {PCIe Device Lending: Using Non-Transparent Bridges to Share Devices},
	year = {2015},
	month = may,
	url = {http://urn.nb.no/URN:NBN:no-49049},
	doi = {10852/44802}
}

@article{Taherkordi2018,
	author = {Amir Taherkordi and Feroz Zahid and Yiannis Verginadis and Geir Horn},
	title = {Future Cloud System Designs: Challenges and Research Directions},
	year = 2018,
	doi = {10.1109/ACCESS.2018.2883149},
	issn = {2169-3536},
	volume = {6},
	journal = {IEEE Access},
}

