@inproceedings{paper:nossdav,
	author = {Lars Bj{\o}rlykke Kristiansen and Jonas Markussen and H{\aa}kon Kvale Stensland and Michael Riegler and Hugo Kohmann and Friedrich Seifert and Roy Nordstr{\o}m and Carsten Griwodz and P{\aa}l Halvorsen},
	title = {{Device Lending} in {PCI Express} Networks},
	booktitle = {Proceedings of the 26th International Workshop on Network and Operating Systems Support for Digital Audio and Video},
	series = {NOSSDAV'16},
	year = {2016},
	pages = {10:1--10:6},
	articleno = {10},
	doi = {10.1145/2910642.2910650},
	keywords = {paper}
}

@inproceedings{paper:mmsys,
	author = {Konstantin Pogorelov and Michael Riegler and Jonas Markussen and Mathias Kux and H{\aa}kon
		Kvale Stensland and Thomas Lange and Carsten Griwodz and P{\aa}l Halvorsen and Dag Johansen
			and Peter Schmidt and Sigrun Eskeland},
	title = {Efficient Processing of Videos in a Multi Auditory Environment Using {Device Lending} of {GPUs}},
	booktitle = {Proceedings of the 7th International Conference on Multimedia Systems},
	series = {MMSys'16},
	year = {2016},
	articleno = {36},
	pages = {381--386},
	doi = {10.1145/2910017.2910636},
	keywords = {paper}
} 

@inproceedings{paper:srmpds,
	author = {Markussen, Jonas and Kristiansen, Lars Bj{\o}rlykke and Stensland, H{\aa}kon Kvale and Seifert, Friedrich and Griwodz, Carsten and Halvorsen, P{\aa}l},
	title = {Flexible Device Sharing in {PCIe} Clusters Using {Device Lending}},
	booktitle = {Proceedings of the 47th International Conference on Parallel Processing Companion},
	series = {ICPP'18 Comp},
	year = {2018},
	pages = {48:1--48:10},
	articleno = {48},
	doi = {10.1145/3229710.3229759},
	keywords = {paper}
} 

@article{paper:cc,
	author = {Jonas Markussen and Lars Bj{\o}rlykke Kristiansen and Rune Johan Borgli and H{\aa}kon Kvale
		Stensland and Friedrich Seifert and Michael Riegler and Carsten Griwodz and P{\aa}l Halvorsen},
	title = {Flexible Device Compositions and Dynamic Resource Sharing in {PCIe} Interconnected Clusters
		using {Device Lending}},
	journal = {Cluster Computing},
	volume = {23},
	pages = {1211--1234},
	number = {2},
	year = 2020,
	issn ={1573-7543},
	doi = {10.1007/s10586-019-02988-0},
	keywords = {paper}
}

@article{paper:tocs,
	author = {Jonas Markussen and Lars Bj{\o}rlykke Kristiansen and P{\aa}l Halvorsen and 
		Halvor Kielland-Gyrud and H{\aa}kon Kvale Stensland and Carsten Griwodz},
	title = {{SmartIO}: Zero-overhead Device Sharing through {PCIe} Networking},
	journal = {ACM Transactions on Computer Systems},
	volume = {23},
	pages = {2:1--2:78},
	articleno = {2},
	number = {1--2},
	issn = {0734-2071},
	year = 2020,
	issn ={1573-7543},
	doi = {10.1145/3462545},
	keywords = {paper}
}
